%YAML 1.1
%TAG !u! tag:unity3d.com,2011:
--- !u!1 &1217164964714942243
GameObject:
  m_ObjectHideFlags: 0
  m_CorrespondingSourceObject: {fileID: 0}
  m_PrefabInstance: {fileID: 0}
  m_PrefabAsset: {fileID: 0}
  serializedVersion: 6
  m_Component:
  - component: {fileID: 6375734362429838104}
  - component: {fileID: -3290250930450775486}
  - component: {fileID: -1043579831864619062}
  - component: {fileID: -6816326080993102848}
  m_Layer: 0
  m_Name: CAR3
  m_TagString: coin
  m_Icon: {fileID: 0}
  m_NavMeshLayer: 0
  m_StaticEditorFlags: 0
  m_IsActive: 1
--- !u!4 &6375734362429838104
Transform:
  m_ObjectHideFlags: 0
  m_CorrespondingSourceObject: {fileID: 0}
  m_PrefabInstance: {fileID: 0}
  m_PrefabAsset: {fileID: 0}
  m_GameObject: {fileID: 1217164964714942243}
  m_LocalRotation: {x: 0, y: 0, z: 0, w: 1}
  m_LocalPosition: {x: 2.34, y: 2.65, z: -19.37}
  m_LocalScale: {x: 1, y: 1, z: 1}
  m_Children:
  - {fileID: 3491243983554523017}
  m_Father: {fileID: 0}
  m_RootOrder: 0
  m_LocalEulerAnglesHint: {x: 0, y: 0, z: 0}
--- !u!195 &-3290250930450775486
NavMeshAgent:
  m_ObjectHideFlags: 0
  m_CorrespondingSourceObject: {fileID: 0}
  m_PrefabInstance: {fileID: 0}
  m_PrefabAsset: {fileID: 0}
  m_GameObject: {fileID: 1217164964714942243}
  m_Enabled: 1
  m_AgentTypeID: 0
  m_Radius: 0.90841585
  m_Speed: 10
  m_Acceleration: 8
  avoidancePriority: 50
  m_AngularSpeed: 120
  m_StoppingDistance: 0
  m_AutoTraverseOffMeshLink: 1
  m_AutoBraking: 1
  m_AutoRepath: 1
  m_Height: 0.6
  m_BaseOffset: 0.36
  m_WalkableMask: 4294967295
  m_ObstacleAvoidanceType: 4
--- !u!114 &-1043579831864619062
MonoBehaviour:
  m_ObjectHideFlags: 0
  m_CorrespondingSourceObject: {fileID: 0}
  m_PrefabInstance: {fileID: 0}
  m_PrefabAsset: {fileID: 0}
  m_GameObject: {fileID: 1217164964714942243}
  m_Enabled: 1
  m_EditorHideFlags: 0
  m_Script: {fileID: 11500000, guid: 286d8195089668442b55b671dd7a6db1, type: 3}
  m_Name: 
  m_EditorClassIdentifier: 
  cost: 5
--- !u!65 &-6816326080993102848
BoxCollider:
  m_ObjectHideFlags: 0
  m_CorrespondingSourceObject: {fileID: 0}
  m_PrefabInstance: {fileID: 0}
  m_PrefabAsset: {fileID: 0}
  m_GameObject: {fileID: 1217164964714942243}
  m_Material: {fileID: 0}
  m_IsTrigger: 0
  m_Enabled: 1
  serializedVersion: 2
  m_Size: {x: 1, y: 1, z: 1}
  m_Center: {x: 0, y: 0, z: 0}
--- !u!95 &3781132240656966637
Animator:
  serializedVersion: 3
  m_ObjectHideFlags: 0
  m_CorrespondingSourceObject: {fileID: 0}
  m_PrefabInstance: {fileID: 0}
  m_PrefabAsset: {fileID: 0}
  m_GameObject: {fileID: 3491243983554425769}
  m_Enabled: 1
  m_Avatar: {fileID: 0}
  m_Controller: {fileID: 9100000, guid: 58b9d85fc0aa10240aa35782695166e4, type: 2}
  m_CullingMode: 0
  m_UpdateMode: 0
  m_ApplyRootMotion: 0
  m_LinearVelocityBlending: 0
  m_WarningMessage: 
  m_HasTransformHierarchy: 1
  m_AllowConstantClipSamplingOptimization: 1
  m_KeepAnimatorControllerStateOnDisable: 0
--- !u!1001 &6038119790956357993
PrefabInstance:
  m_ObjectHideFlags: 0
  serializedVersion: 2
  m_Modification:
    m_TransformParent: {fileID: 6375734362429838104}
    m_Modifications:
    - target: {fileID: 7185728581300455136, guid: 934596e99507ff447b43a5d9aa917ba5,
        type: 3}
      propertyPath: m_LocalPosition.x
      value: 0
      objectReference: {fileID: 0}
    - target: {fileID: 7185728581300455136, guid: 934596e99507ff447b43a5d9aa917ba5,
        type: 3}
      propertyPath: m_LocalPosition.y
      value: 0
      objectReference: {fileID: 0}
    - target: {fileID: 7185728581300455136, guid: 934596e99507ff447b43a5d9aa917ba5,
        type: 3}
      propertyPath: m_LocalPosition.z
      value: 0
      objectReference: {fileID: 0}
    - target: {fileID: 7185728581300455136, guid: 934596e99507ff447b43a5d9aa917ba5,
        type: 3}
      propertyPath: m_LocalRotation.x
      value: 0
      objectReference: {fileID: 0}
    - target: {fileID: 7185728581300455136, guid: 934596e99507ff447b43a5d9aa917ba5,
        type: 3}
      propertyPath: m_LocalRotation.y
      value: -0.7071068
      objectReference: {fileID: 0}
    - target: {fileID: 7185728581300455136, guid: 934596e99507ff447b43a5d9aa917ba5,
        type: 3}
      propertyPath: m_LocalRotation.z
      value: 0
      objectReference: {fileID: 0}
    - target: {fileID: 7185728581300455136, guid: 934596e99507ff447b43a5d9aa917ba5,
        type: 3}
      propertyPath: m_LocalRotation.w
      value: 0.7071068
      objectReference: {fileID: 0}
    - target: {fileID: 7185728581300455136, guid: 934596e99507ff447b43a5d9aa917ba5,
        type: 3}
      propertyPath: m_RootOrder
      value: 0
      objectReference: {fileID: 0}
    - target: {fileID: 7185728581300455136, guid: 934596e99507ff447b43a5d9aa917ba5,
        type: 3}
      propertyPath: m_LocalEulerAnglesHint.x
      value: 0
      objectReference: {fileID: 0}
    - target: {fileID: 7185728581300455136, guid: 934596e99507ff447b43a5d9aa917ba5,
        type: 3}
      propertyPath: m_LocalEulerAnglesHint.y
      value: -90
      objectReference: {fileID: 0}
    - target: {fileID: 7185728581300455136, guid: 934596e99507ff447b43a5d9aa917ba5,
        type: 3}
      propertyPath: m_LocalEulerAnglesHint.z
      value: 0
      objectReference: {fileID: 0}
    - target: {fileID: 7185728581300820672, guid: 934596e99507ff447b43a5d9aa917ba5,
        type: 3}
      propertyPath: m_Name
      value: Mercedes-Benz E250 CGI.010
      objectReference: {fileID: 0}
    m_RemovedComponents: []
  m_SourcePrefab: {fileID: 100100000, guid: 934596e99507ff447b43a5d9aa917ba5, type: 3}
--- !u!1 &3491243983554425769 stripped
GameObject:
  m_CorrespondingSourceObject: {fileID: 7185728581300820672, guid: 934596e99507ff447b43a5d9aa917ba5,
    type: 3}
  m_PrefabInstance: {fileID: 6038119790956357993}
  m_PrefabAsset: {fileID: 0}
--- !u!4 &3491243983554523017 stripped
Transform:
  m_CorrespondingSourceObject: {fileID: 7185728581300455136, guid: 934596e99507ff447b43a5d9aa917ba5,
    type: 3}
  m_PrefabInstance: {fileID: 6038119790956357993}
  m_PrefabAsset: {fileID: 0}
